<?xml version="1.0" encoding="utf-8"?>
<record xmlns="http://www.loc.gov/MARC21/slim" xmlns:xsi="http://www.w3.org/2001/XMLSchema-instance" xsi:schemaLocation="http://www.loc.gov/MARC21/slim http://www.loc.gov/standards/marcxml/schema/MARC21slim.xsd">
	<leader>     nam a22     Mi 4500</leader>
	<controlfield tag="001">541858</controlfield>
	<controlfield tag="003">NNC</controlfield>
	<controlfield tag="006">m        d        </controlfield>
	<controlfield tag="007">cr cn |||m|||a</controlfield>
	<controlfield tag="008">190509s1983    ir      o     000 0 ara d</controlfield>
	<datafield ind1=" " ind2=" " tag="040">
		<subfield code="a">ZYU</subfield>
		<subfield code="b">ara</subfield>
		<subfield code="e">rda</subfield>
		<subfield code="c">ZYU</subfield>
	</datafield>
	<datafield ind1=" " ind2=" " tag="043">
		<subfield code="a">a-ir---</subfield>
	</datafield>
	<datafield ind1="1" ind2="4" tag="050">
		<subfield code="a">DS325.N57</subfield>
		<subfield code="b">S38 1983</subfield>
	</datafield>
	<datafield ind1="1" ind2=" " tag="100">
		<subfield code="6">880-01</subfield>
		<subfield code="a">Ṣarīfīnī, Ibrāhīm ibn Muḥammad,</subfield>
		<subfield code="d">-1243 or 1244.</subfield>
	</datafield>
	<datafield ind1="1" ind2="0" tag="240">
		<subfield code="6">880-02</subfield>
		<subfield code="a">Muntakhab min Kitāb al-Siyāq</subfield>
	</datafield>
	<datafield ind1="1" ind2="3" tag="245">
		<subfield code="6">880-03</subfield>
		<subfield code="a">al-Ḥalqah al-ūlá min tārīkh Nīsābūr :</subfield>
		<subfield code="b">al-muntakhab min al-Siyāq, taʼlīf Abū al-Ḥasan ʻAbd al-Ghāfir ibn Ismāʻīl al-Fārisī /</subfield>
		<subfield code="c">intikhāb, Abū Isḥāq Ibrāhīm ibn Muḥammad ibn al-Azhar al-Ṣarīfīnī ; iʻdād Muḥammad Kāẓim al-Maḥmūdī.</subfield>
	</datafield>
	<datafield ind1=" " ind2=" " tag="260">
		<subfield code="6">880-04</subfield>
		<subfield code="a">Qum al-Muqaddasah :</subfield>
		<subfield code="b">Jamā ʻat al-Mudarrisīn fī al-Ḥawzah al-ʻIlmīyah,</subfield>
		<subfield code="c">1362 [1983]</subfield>
	</datafield>
	<datafield ind1=" " ind2=" " tag="300">
		<subfield code="a">online resource (12, 863 pages)</subfield>
	</datafield>
	<datafield ind1=" " ind2=" " tag="336">
		<subfield code="a">text</subfield>
		<subfield code="2">rdacontent</subfield>
	</datafield>
	<datafield ind1=" " ind2=" " tag="337">
		<subfield code="a">computer</subfield>
		<subfield code="2">rdamedia</subfield>
	</datafield>
	<datafield ind1=" " ind2=" " tag="338">
		<subfield code="a">online resource</subfield>
		<subfield code="2">rdacarrier</subfield>
	</datafield>
	<datafield ind1=" " ind2=" " tag="500">
		<subfield code="a">Part of the Arabic Collections Online (ACO) project, contributed by Columbia University Libraries.</subfield>
	</datafield>
	<datafield ind1=" " ind2=" " tag="533">
		<subfield code="a">Electronic reproduction.</subfield>
		<subfield code="b">New York, N.Y. :</subfield>
		<subfield code="c">New York University,</subfield>
		<subfield code="d">2019.</subfield>
		<subfield code="5">NNU</subfield>
	</datafield>
	<datafield ind1=" " ind2="0" tag="651">
		<subfield code="a">Nīshāpūr (Iran)</subfield>
		<subfield code="x">History.</subfield>
	</datafield>
	<datafield ind1=" " ind2="7" tag="651">
		<subfield code="a">Iran</subfield>
		<subfield code="z">Nīshāpūr.</subfield>
		<subfield code="2">fast</subfield>
		<subfield code="0">(OCoLC)fst01217084</subfield>
	</datafield>
	<datafield ind1=" " ind2="7" tag="655">
		<subfield code="a">History.</subfield>
		<subfield code="2">fast</subfield>
		<subfield code="0">(OCoLC)fst01411628</subfield>
	</datafield>
	<datafield ind1="1" ind2=" " tag="700">
		<subfield code="6">880-05</subfield>
		<subfield code="a">Maḥmūdī, Muḥammad Kāẓim. </subfield>
	</datafield>
	<datafield ind1="1" ind2=" " tag="700">
		<subfield code="6">880-06</subfield>
		<subfield code="a">Fārisī, ʻAbd al-Ghāfir ibn Ismāʻīl,</subfield>
		<subfield code="d">1059-1134 or 1135.</subfield>
		<subfield code="t">Siyāq li-taʼrīkh Naysābūr.</subfield>
	</datafield>
	<datafield ind1="2" ind2=" " tag="710">
		<subfield code="a">Columbia University.</subfield>
		<subfield code="b">Libraries.</subfield>
	</datafield>
	<datafield ind1="0" ind2=" " tag="730">
		<subfield code="a">Arabic Collections Online.</subfield>
	</datafield>
	<datafield ind1="0" ind2="8" tag="776">
		<subfield code="i">Print version:</subfield>
		<subfield code="a">Ṣarīfīnī, Ibrāhīm ibn Muḥammad, -1243 or 1244.</subfield>
		<subfield code="t">al-Ḥalqah al-ūlá min tārīkh Nīsābūr</subfield>
		<subfield code="w">(NNC)541858</subfield>
		<subfield code="w">(OCoLC)27033365</subfield>
	</datafield>
	<datafield ind1="4" ind2="0" tag="856">
		<subfield code="u">http://hdl.handle.net/2333.1/0cfxpx52</subfield>
	</datafield>
	<datafield ind1="1" ind2=" " tag="880">
		<subfield code="6">100-01</subfield>
		<subfield code="a">صريفيني، ابراهيم بن محمد،</subfield>
		<subfield code="d">-1243 or 1244.</subfield>
	</datafield>
	<datafield ind1="1" ind2="0" tag="880">
		<subfield code="6">240-02</subfield>
		<subfield code="a">منتخب من كتاب السياق</subfield>
	</datafield>
	<datafield ind1="1" ind2="2" tag="880">
		<subfield code="6">245-03</subfield>
		<subfield code="a">الحلقة الأولى من تاريخ نيسابور :</subfield>
		<subfield code="b">المنتخب من السياق، تأليف ابو الحسن عبد الغافر بن اسماعيل الفارسي /</subfield>
		<subfield code="c">انتخاب، ابو اسحاق ابراهيم بن محمد بن الاچر الصريفيني ؛ اعداد محمد كاظم المحمودي.</subfield>
	</datafield>
	<datafield ind1=" " ind2=" " tag="880">
		<subfield code="6">260-04</subfield>
		<subfield code="a">قم المقدسة :</subfield>
		<subfield code="b">جما عة المدرسين في الحوزة العلمية،</subfield>
		<subfield code="c">1362 [1983]</subfield>
	</datafield>
	<datafield ind1="1" ind2=" " tag="880">
		<subfield code="6">700-05</subfield>
		<subfield code="a">محمودي، محمد كاظم.  </subfield>
	</datafield>
	<datafield ind1="1" ind2=" " tag="880">
		<subfield code="6">700-06</subfield>
		<subfield code="a">فارسي، عبد الغافر بن اسماعيل،</subfield>
		<subfield code="d">1059-1134 or 1135.</subfield>
		<subfield code="t">سياق لتاريخ نيسابور.</subfield>
	</datafield>
	<datafield ind1=" " ind2=" " tag="959">
		<subfield code="a">NNU</subfield>
		<subfield code="b">WEB</subfield>
		<subfield code="c">GENI</subfield>
		<subfield code="t">0</subfield>
		<subfield code="m">Electronic access</subfield>
		<subfield code="s">01</subfield>
	</datafield>
	<datafield ind1=" " ind2=" " tag="999">
		<subfield code="i">NNC_541858</subfield>
		<subfield code="o">(OCoLC)ocm27033365</subfield>
		<subfield code="s">columbia_aco003932</subfield>
		<subfield code="e">(ERROR-880)</subfield>
		<subfield code="s">columbia_aco003932</subfield>
	</datafield>
</record>
